@book{UMS,
  author    = {Daan Frenkel and Berend Smit},
  title     = {Understanding Molecular Simulation: From Algorithms to Applications},
  publisher = {Academic Press},
  year      = {2002},
  address   = {Cambridge, the United States}
}